<?xml version = "1.0" encoding = "UTF-8"?><record>
  <leader>02453nas#a22006251ca4500</leader>
  <controlfield tag="005">20210407215639.0</controlfield>
  <controlfield tag="007">tu</controlfield>
  <controlfield tag="008">991118m19642000gw#m|#p#######|####|ger#c</controlfield>
  <controlfield tag="003">DE-605</controlfield>
  <controlfield tag="001">990053976760206441</controlfield>
  <datafield tag="015" ind1=" " ind2=" ">
    <subfield code="a">01,A10,0831</subfield>
    <subfield code="2">dnb</subfield>
  </datafield>
  <datafield tag="016" ind1="7" ind2=" ">
    <subfield code="a">476269048</subfield>
    <subfield code="2">OCoLC</subfield>
  </datafield>
  <datafield tag="016" ind1="7" ind2=" ">
    <subfield code="a">010694188</subfield>
    <subfield code="2">DE-101b</subfield>
  </datafield>
  <datafield tag="016" ind1="7" ind2=" ">
    <subfield code="a">123550-3</subfield>
    <subfield code="2">DE-600</subfield>
  </datafield>
  <datafield tag="022" ind1=" " ind2=" ">
    <subfield code="a">0031-9244</subfield>
    <subfield code="0">(uri) http://worldcat.org/issn/0031-9244</subfield>
  </datafield>
  <datafield tag="029" ind1="a" ind2="a">
    <subfield code="a">ISSN 0031-9244</subfield>
  </datafield>
  <datafield tag="035" ind1=" " ind2=" ">
    <subfield code="a">(DE-605)HT000312236</subfield>
  </datafield>
  <datafield tag="040" ind1=" " ind2=" ">
    <subfield code="a">9001</subfield>
    <subfield code="b">ger</subfield>
    <subfield code="c">DNB</subfield>
    <subfield code="d">9001</subfield>
    <subfield code="e">rakwb</subfield>
  </datafield>
  <datafield tag="041" ind1=" " ind2=" ">
    <subfield code="a">ger</subfield>
  </datafield>
  <datafield tag="044" ind1=" " ind2=" ">
    <subfield code="c">XA-DDDE</subfield>
    <subfield code="c">XA-DE</subfield>
  </datafield>
  <datafield tag="084" ind1=" " ind2=" ">
    <subfield code="a">22</subfield>
    <subfield code="a">29</subfield>
    <subfield code="a">78</subfield>
    <subfield code="a">370</subfield>
    <subfield code="q">DE-101</subfield>
    <subfield code="2">sdnb</subfield>
  </datafield>
  <datafield tag="084" ind1=" " ind2=" ">
    <subfield code="a">370</subfield>
    <subfield code="a">530</subfield>
    <subfield code="q">DE-600</subfield>
    <subfield code="2">zdbs</subfield>
  </datafield>
  <datafield tag="084" ind1=" " ind2=" ">
    <subfield code="a">PHY 002z</subfield>
    <subfield code="2">stub</subfield>
  </datafield>
  <datafield tag="084" ind1=" " ind2=" ">
    <subfield code="a">280</subfield>
    <subfield code="a">770</subfield>
    <subfield code="q">DE-600</subfield>
    <subfield code="2">zdbs</subfield>
  </datafield>
  <datafield tag="084" ind1=" " ind2=" ">
    <subfield code="a">6.4</subfield>
    <subfield code="2">sdnb</subfield>
  </datafield>
  <datafield tag="084" ind1=" " ind2=" ">
    <subfield code="a">UA 1000</subfield>
    <subfield code="2">rvk</subfield>
  </datafield>
  <datafield tag="210" ind1="1" ind2="0">
    <subfield code="a">Phys. Sch.</subfield>
  </datafield>
  <datafield tag="245" ind1="0" ind2="0">
    <subfield code="a">Physik in der Schule</subfield>
  </datafield>
  <datafield tag="264" ind1=" " ind2="1">
    <subfield code="a">Berlin</subfield>
    <subfield code="b">P&#228;dagogischer Zeitschriftenverl.</subfield>
    <subfield code="c">1964-2000</subfield>
  </datafield>
  <datafield tag="264" ind1=" " ind2="1">
    <subfield code="a">Berlin</subfield>
    <subfield code="b">Verl. Volk &amp; Wissen</subfield>
    <subfield code="c">anfangs</subfield>
  </datafield>
  <datafield tag="362" ind1="0" ind2=" ">
    <subfield code="a">2.1964,7 - 38.2000</subfield>
  </datafield>
  <datafield tag="363" ind1="0" ind2="0">
    <subfield code="8">1.1\x</subfield>
    <subfield code="a">2</subfield>
    <subfield code="b">7</subfield>
    <subfield code="i">1964</subfield>
  </datafield>
  <datafield tag="363" ind1="1" ind2="0">
    <subfield code="8">1.2\x</subfield>
    <subfield code="i">2000</subfield>
  </datafield>
  <datafield tag="365" ind1=" " ind2=" ">
    <subfield code="b">: DM 16.20 (Einzelh., zzgl. Versandkosten), sfr 15.80 (Einzelh., zzgl. Versandkosten), S 118.00 (Einzelh., zzgl. Versandkosten), DM 89.60 (j&#228;hrl., zzgl. Versandkosten), sfr 81.60 (j&#228;hrl., zzgl. Versandkosten), S 654.00 (j&#228;hrl., zzgl. Versandkosten), 60.00 (j&#228;hrl., f&#252;r Studenten, zzgl. Versandkosten), 54.60 (j&#228;hrl., f&#252;r Studenten, zzgl. Versandkosten), 438.00 (j&#228;hrl., f&#252;r Studenten, zzgl. Versandkosten)</subfield>
    <subfield code="9">F:542z</subfield>
  </datafield>
  <datafield tag="591" ind1=" " ind2=" ">
    <subfield code="a">61!(28-02-01)</subfield>
  </datafield>
  <datafield tag="689" ind1="0" ind2="0">
    <subfield code="a">Physikunterricht</subfield>
    <subfield code="D">s</subfield>
    <subfield code="0">(DE-588)4045977-9</subfield>
    <subfield code="0">(uri) https://portal.dnb.de/opac.htm?method=simpleSearch&amp;cqlMode=true&amp;query=idn=040459772</subfield>
    <subfield code="0">(uri) http://viaf.org/viaf/sourceID/DNB|040459772</subfield>
  </datafield>
  <datafield tag="689" ind1="0" ind2="1">
    <subfield code="a">Zeitschrift</subfield>
    <subfield code="A">f</subfield>
    <subfield code="0">(uri) https://portal.dnb.de/opac.htm?method=simpleSearch&amp;cqlMode=true&amp;query=idn=040674886</subfield>
    <subfield code="0">(uri) http://viaf.org/viaf/sourceID/DNB|040674886</subfield>
  </datafield>
  <datafield tag="689" ind1="0" ind2=" ">
    <subfield code="5">DNBDNB</subfield>
  </datafield>
  <datafield tag="689" ind1="1" ind2="0">
    <subfield code="a">Physikunterricht</subfield>
    <subfield code="D">s</subfield>
    <subfield code="0">(DE-588)4045977-9</subfield>
    <subfield code="0">(uri) https://portal.dnb.de/opac.htm?method=simpleSearch&amp;cqlMode=true&amp;query=idn=040459772</subfield>
    <subfield code="0">(uri) http://viaf.org/viaf/sourceID/DNB|040459772</subfield>
  </datafield>
  <datafield tag="689" ind1="1" ind2="1">
    <subfield code="a">Zeitschrift</subfield>
    <subfield code="D">s</subfield>
    <subfield code="0">(DE-588)4067488-5</subfield>
    <subfield code="0">(uri) https://portal.dnb.de/opac.htm?method=simpleSearch&amp;cqlMode=true&amp;query=idn=040674886</subfield>
    <subfield code="0">(uri) http://viaf.org/viaf/sourceID/DNB|040674886</subfield>
  </datafield>
  <datafield tag="689" ind1="1" ind2=" ">
    <subfield code="5">DE-600DE-600</subfield>
  </datafield>
  <datafield tag="689" ind1="2" ind2="0">
    <subfield code="a">Physikunterricht</subfield>
    <subfield code="D">s</subfield>
    <subfield code="0">(DE-588)4045977-9</subfield>
    <subfield code="0">(uri) https://portal.dnb.de/opac.htm?method=simpleSearch&amp;cqlMode=true&amp;query=idn=040459772</subfield>
    <subfield code="0">(uri) http://viaf.org/viaf/sourceID/DNB|040459772</subfield>
  </datafield>
  <datafield tag="689" ind1="2" ind2="1">
    <subfield code="a">Zeitschrift</subfield>
    <subfield code="A">f</subfield>
    <subfield code="0">(uri) https://portal.dnb.de/opac.htm?method=simpleSearch&amp;cqlMode=true&amp;query=idn=040674886</subfield>
    <subfield code="0">(uri) http://viaf.org/viaf/sourceID/DNB|040674886</subfield>
  </datafield>
  <datafield tag="689" ind1="2" ind2=" ">
    <subfield code="5">DE-600DE-600</subfield>
  </datafield>
  <datafield tag="770" ind1="0" ind2="8">
    <subfield code="i">Beil. ---&gt;</subfield>
    <subfield code="t">P&#228;dagogischer Zeitschriftenverlag &lt;Berlin&gt;: PZV-Ratgeber / Sekundarstufen</subfield>
    <subfield code="w">(DE-605)HT008498541</subfield>
  </datafield>
  <datafield tag="780" ind1="0" ind2="0">
    <subfield code="i">Vorg. ---&gt;</subfield>
    <subfield code="t">Physik in der Schule / A</subfield>
    <subfield code="w">(DE-605)HT003482760</subfield>
  </datafield>
  <datafield tag="780" ind1="0" ind2="0">
    <subfield code="i">Vorg. ---&gt;</subfield>
    <subfield code="t">Physik in der Schule / B</subfield>
    <subfield code="w">(DE-605)HT003482768</subfield>
  </datafield>
  <datafield tag="785" ind1="0" ind2="0">
    <subfield code="i">Forts. ---&gt;</subfield>
    <subfield code="t">Praxis der Naturwissenschaften - Physik in der Schule</subfield>
    <subfield code="w">(DE-605)HT012914185</subfield>
  </datafield>
  <datafield tag="889" ind1=" " ind2=" ">
    <subfield code="w">(DE-600)551953497</subfield>
  </datafield>
  <datafield tag="964" ind1="0" ind2="s">
    <subfield code="F">030</subfield>
    <subfield code="A">b|zucz|z|||37</subfield>
  </datafield>
  <datafield tag="964" ind1="0" ind2="s">
    <subfield code="F">050</subfield>
    <subfield code="A">a|a|||||||||||</subfield>
  </datafield>
  <datafield tag="964" ind1="0" ind2="s">
    <subfield code="F">052</subfield>
    <subfield code="A">p||||||zm||||||</subfield>
  </datafield>
  <datafield tag="035" ind1=" " ind2=" ">
    <subfield code="a">(OCoLC)476269048</subfield>
    <subfield code="0">(uri) http://www.worldcat.org/oclc/476269048</subfield>
  </datafield>
  <datafield tag="035" ind1=" " ind2=" ">
    <subfield code="a">(DE-600)123550-3</subfield>
  </datafield>
  <datafield tag="035" ind1=" " ind2=" ">
    <subfield code="a">(DE-599)ZDB123550-3</subfield>
  </datafield>
  <datafield tag="MBD" ind1=" " ind2=" ">
    <subfield code="M">49HBZ_NETWORK</subfield>
    <subfield code="i">990053976760206441</subfield>
    <subfield code="n">HBZ Network</subfield>
  </datafield>
  <datafield tag="MBD" ind1=" " ind2=" ">
    <subfield code="M">49HBZ_BIE</subfield>
    <subfield code="i">991002639399706442</subfield>
    <subfield code="n">UB Bielefeld</subfield>
  </datafield>
  <datafield tag="365" ind1=" " ind2=" ">
    <subfield code="b">: DM 16.20 (Einzelh., zzgl. Versandkosten), sfr 15.80 (Einzelh., zzgl. Versandkosten), S 118.00 (Einzelh., zzgl. Versandkosten), DM 89.60 (j&#228;hrl., zzgl. Versandkosten), sfr 81.60 (j&#228;hrl., zzgl. Versandkosten), S 654.00 (j&#228;hrl., zzgl. Versandkosten), 60.00 (j&#228;hrl., f&#252;r Studenten, zzgl. Versandkosten), 54.60 (j&#228;hrl., f&#252;r Studenten, zzgl. Versandkosten), 438.00 (j&#228;hrl., f&#252;r Studenten, zzgl. Versandkosten)</subfield>
    <subfield code="9">F:542z</subfield>
    <subfield code="M">49HBZ_BIE</subfield>
  </datafield>
  <datafield tag="980" ind1="1" ind2=" ">
    <subfield code="a">p</subfield>
    <subfield code="e">HBZ</subfield>
    <subfield code="9">LOCAL</subfield>
    <subfield code="M">49HBZ_BIE</subfield>
  </datafield>
  <datafield tag="981" ind1=" " ind2=" ">
    <subfield code="a">(DE-361)58458</subfield>
    <subfield code="9">LOCAL</subfield>
    <subfield code="M">49HBZ_BIE</subfield>
  </datafield>
  <datafield tag="983" ind1=" " ind2=" ">
    <subfield code="b">QH000</subfield>
    <subfield code="9">LOCAL</subfield>
    <subfield code="M">49HBZ_BIE</subfield>
  </datafield>
  <datafield tag="997" ind1=" " ind2=" ">
    <subfield code="a">20020120</subfield>
    <subfield code="9">LOCAL</subfield>
    <subfield code="M">49HBZ_BIE</subfield>
  </datafield>
  <datafield tag="MBD" ind1=" " ind2=" ">
    <subfield code="M">49HBZ_UBD</subfield>
    <subfield code="i">991001721369706445</subfield>
    <subfield code="n">UB Dortmund</subfield>
  </datafield>
  <datafield tag="365" ind1=" " ind2=" ">
    <subfield code="b">: DM 16.20 (Einzelh., zzgl. Versandkosten), sfr 15.80 (Einzelh., zzgl. Versandkosten), S 118.00 (Einzelh., zzgl. Versandkosten), DM 89.60 (j&#228;hrl., zzgl. Versandkosten), sfr 81.60 (j&#228;hrl., zzgl. Versandkosten), S 654.00 (j&#228;hrl., zzgl. Versandkosten), 60.00 (j&#228;hrl., f&#252;r Studenten, zzgl. Versandkosten), 54.60 (j&#228;hrl., f&#252;r Studenten, zzgl. Versandkosten), 438.00 (j&#228;hrl., f&#252;r Studenten, zzgl. Versandkosten)</subfield>
    <subfield code="9">F:542z</subfield>
    <subfield code="M">49HBZ_UBD</subfield>
  </datafield>
  <datafield tag="980" ind1="1" ind2=" ">
    <subfield code="e">HBZ</subfield>
    <subfield code="9">LOCAL</subfield>
    <subfield code="M">49HBZ_UBD</subfield>
  </datafield>
  <datafield tag="981" ind1=" " ind2=" ">
    <subfield code="a">(DE-290)31966</subfield>
    <subfield code="9">LOCAL</subfield>
    <subfield code="M">49HBZ_UBD</subfield>
  </datafield>
  <datafield tag="997" ind1=" " ind2=" ">
    <subfield code="a">19990727</subfield>
    <subfield code="9">LOCAL</subfield>
    <subfield code="M">49HBZ_UBD</subfield>
  </datafield>
  <datafield tag="MBD" ind1=" " ind2=" ">
    <subfield code="M">49HBZ_UDE</subfield>
    <subfield code="i">990000630920206446</subfield>
    <subfield code="n">UB Duisburg-Essen</subfield>
  </datafield>
  <datafield tag="365" ind1=" " ind2=" ">
    <subfield code="b">: DM 16.20 (Einzelh., zzgl. Versandkosten), sfr 15.80 (Einzelh., zzgl. Versandkosten), S 118.00 (Einzelh., zzgl. Versandkosten), DM 89.60 (j&#228;hrl., zzgl. Versandkosten), sfr 81.60 (j&#228;hrl., zzgl. Versandkosten), S 654.00 (j&#228;hrl., zzgl. Versandkosten), 60.00 (j&#228;hrl., f&#252;r Studenten, zzgl. Versandkosten), 54.60 (j&#228;hrl., f&#252;r Studenten, zzgl. Versandkosten), 438.00 (j&#228;hrl., f&#252;r Studenten, zzgl. Versandkosten)</subfield>
    <subfield code="9">F:542z</subfield>
    <subfield code="M">49HBZ_UDE</subfield>
  </datafield>
  <datafield tag="MBD" ind1=" " ind2=" ">
    <subfield code="M">49HBZ_WUP</subfield>
    <subfield code="i">990000735140206447</subfield>
    <subfield code="n">UB Wuppertal</subfield>
  </datafield>
  <datafield tag="365" ind1=" " ind2=" ">
    <subfield code="b">: DM 16.20 (Einzelh., zzgl. Versandkosten), sfr 15.80 (Einzelh., zzgl. Versandkosten), S 118.00 (Einzelh., zzgl. Versandkosten), DM 89.60 (j&#228;hrl., zzgl. Versandkosten), sfr 81.60 (j&#228;hrl., zzgl. Versandkosten), S 654.00 (j&#228;hrl., zzgl. Versandkosten), 60.00 (j&#228;hrl., f&#252;r Studenten, zzgl. Versandkosten), 54.60 (j&#228;hrl., f&#252;r Studenten, zzgl. Versandkosten), 438.00 (j&#228;hrl., f&#252;r Studenten, zzgl. Versandkosten)</subfield>
    <subfield code="9">F:542z</subfield>
    <subfield code="M">49HBZ_WUP</subfield>
  </datafield>
  <datafield tag="983" ind1=" " ind2=" ">
    <subfield code="b">67</subfield>
    <subfield code="9">LOCAL</subfield>
    <subfield code="M">49HBZ_WUP</subfield>
  </datafield>
  <datafield tag="MBD" ind1=" " ind2=" ">
    <subfield code="M">49HBZ_DUE</subfield>
    <subfield code="i">990000536970206443</subfield>
    <subfield code="n">ULB D&#252;sseldorf</subfield>
  </datafield>
  <datafield tag="365" ind1=" " ind2=" ">
    <subfield code="b">: DM 16.20 (Einzelh., zzgl. Versandkosten), sfr 15.80 (Einzelh., zzgl. Versandkosten), S 118.00 (Einzelh., zzgl. Versandkosten), DM 89.60 (j&#228;hrl., zzgl. Versandkosten), sfr 81.60 (j&#228;hrl., zzgl. Versandkosten), S 654.00 (j&#228;hrl., zzgl. Versandkosten), 60.00 (j&#228;hrl., f&#252;r Studenten, zzgl. Versandkosten), 54.60 (j&#228;hrl., f&#252;r Studenten, zzgl. Versandkosten), 438.00 (j&#228;hrl., f&#252;r Studenten, zzgl. Versandkosten)</subfield>
    <subfield code="9">F:542z</subfield>
    <subfield code="M">49HBZ_DUE</subfield>
  </datafield>
  <datafield tag="996" ind1=" " ind2=" ">
    <subfield code="s">Physik</subfield>
    <subfield code="0">(DE-588)4045956-1</subfield>
    <subfield code="9">LOCAL</subfield>
    <subfield code="M">49HBZ_DUE</subfield>
  </datafield>
  <datafield tag="996" ind1=" " ind2=" ">
    <subfield code="s">Schule</subfield>
    <subfield code="0">(DE-588)4053474-1</subfield>
    <subfield code="9">LOCAL</subfield>
    <subfield code="M">49HBZ_DUE</subfield>
  </datafield>
  <datafield tag="996" ind1=" " ind2=" ">
    <subfield code="a">Schulung</subfield>
    <subfield code="9">LOCAL</subfield>
    <subfield code="M">49HBZ_DUE</subfield>
  </datafield>
  <datafield tag="996" ind1=" " ind2=" ">
    <subfield code="a">Physik</subfield>
    <subfield code="9">LOCAL</subfield>
    <subfield code="M">49HBZ_DUE</subfield>
  </datafield>
  <datafield tag="996" ind1=" " ind2=" ">
    <subfield code="a">Unterricht</subfield>
    <subfield code="9">LOCAL</subfield>
    <subfield code="M">49HBZ_DUE</subfield>
  </datafield>
  <datafield tag="MNG" ind1=" " ind2=" ">
    <subfield code="c">System</subfield>
    <subfield code="f">ILS</subfield>
    <subfield code="i">marc21</subfield>
    <subfield code="k">01</subfield>
    <subfield code="e">false</subfield>
    <subfield code="d">2021-04-07 21:56:39 Europe/Berlin</subfield>
    <subfield code="g">005397676-HBZ01</subfield>
    <subfield code="j">90</subfield>
    <subfield code="a">import</subfield>
    <subfield code="b">2021-04-05 18:36:15 Europe/Berlin</subfield>
  </datafield>
  <datafield tag="H16" ind1="7" ind2=" ">
    <subfield code="a">123550-3</subfield>
    <subfield code="2">DE-600</subfield>
    <subfield code="8">22274254620006442</subfield>
  </datafield>
  <datafield tag="H35" ind1=" " ind2=" ">
    <subfield code="a">(DE-600)006180086</subfield>
    <subfield code="8">22274254620006442</subfield>
  </datafield>
  <datafield tag="H35" ind1=" " ind2=" ">
    <subfield code="a">(DE-361)006180086-49hbz_bie</subfield>
    <subfield code="8">22274254620006442</subfield>
  </datafield>
  <datafield tag="H92" ind1=" " ind2=" ">
    <subfield code="a">481000-4</subfield>
    <subfield code="d">361</subfield>
    <subfield code="k">NRW</subfield>
    <subfield code="l">a</subfield>
    <subfield code="o">c</subfield>
    <subfield code="u">C</subfield>
    <subfield code="8">22274254620006442</subfield>
  </datafield>
  <datafield tag="H52" ind1=" " ind2=" ">
    <subfield code="b">UB_BI</subfield>
    <subfield code="c">17_Zs</subfield>
    <subfield code="8">1</subfield>
    <subfield code="h">17 QD000 P600</subfield>
    <subfield code="9">00</subfield>
    <subfield code="8">22274254620006442</subfield>
  </datafield>
  <datafield tag="H59" ind1="0" ind2="0">
    <subfield code="8">1.1\x</subfield>
    <subfield code="a">9</subfield>
    <subfield code="i">1971</subfield>
    <subfield code="8">22274254620006442</subfield>
  </datafield>
  <datafield tag="H59" ind1="1" ind2="0">
    <subfield code="8">1.2\x</subfield>
    <subfield code="a">38</subfield>
    <subfield code="i">2000</subfield>
    <subfield code="8">22274254620006442</subfield>
  </datafield>
  <datafield tag="H66" ind1="3" ind2="0">
    <subfield code="a">9.1971 - 38.2000</subfield>
    <subfield code="8">22274254620006442</subfield>
  </datafield>
  <datafield tag="HOL" ind1=" " ind2=" ">
    <subfield code="b">2021-04-19 05:29:00</subfield>
    <subfield code="8">22274254620006442</subfield>
    <subfield code="M">49HBZ_BIE</subfield>
    <subfield code="g">false</subfield>
    <subfield code="a">import</subfield>
  </datafield>
  <datafield tag="H16" ind1="7" ind2=" ">
    <subfield code="a">123550-3</subfield>
    <subfield code="2">DE-600</subfield>
    <subfield code="8">22189310720006445</subfield>
  </datafield>
  <datafield tag="H35" ind1=" " ind2=" ">
    <subfield code="a">(DE-600)006180035</subfield>
    <subfield code="8">22189310720006445</subfield>
  </datafield>
  <datafield tag="H35" ind1=" " ind2=" ">
    <subfield code="a">(DE-290)006180035-49hbz_ubd</subfield>
    <subfield code="8">22189310720006445</subfield>
  </datafield>
  <datafield tag="H92" ind1=" " ind2=" ">
    <subfield code="a">463000-2</subfield>
    <subfield code="d">290</subfield>
    <subfield code="k">NRW</subfield>
    <subfield code="l">a</subfield>
    <subfield code="o">c</subfield>
    <subfield code="8">22189310720006445</subfield>
  </datafield>
  <datafield tag="H52" ind1=" " ind2=" ">
    <subfield code="b">ZB</subfield>
    <subfield code="c">ZS</subfield>
    <subfield code="8">1</subfield>
    <subfield code="h">ZN 535</subfield>
    <subfield code="x">DE-290</subfield>
    <subfield code="9">00</subfield>
    <subfield code="8">22189310720006445</subfield>
  </datafield>
  <datafield tag="H59" ind1="0" ind2="0">
    <subfield code="8">1.1\x</subfield>
    <subfield code="a">2</subfield>
    <subfield code="i">1964</subfield>
    <subfield code="8">22189310720006445</subfield>
  </datafield>
  <datafield tag="H59" ind1="1" ind2="0">
    <subfield code="8">1.2\x</subfield>
    <subfield code="a">38</subfield>
    <subfield code="i">2000</subfield>
    <subfield code="8">22189310720006445</subfield>
  </datafield>
  <datafield tag="H66" ind1="3" ind2="0">
    <subfield code="a">2.1964,7 - 38.2000</subfield>
    <subfield code="8">22189310720006445</subfield>
  </datafield>
  <datafield tag="HOL" ind1=" " ind2=" ">
    <subfield code="b">2021-04-19 15:12:07</subfield>
    <subfield code="8">22189310720006445</subfield>
    <subfield code="M">49HBZ_UBD</subfield>
    <subfield code="g">false</subfield>
    <subfield code="a">import</subfield>
  </datafield>
  <datafield tag="H16" ind1="7" ind2=" ">
    <subfield code="a">123550-3</subfield>
    <subfield code="2">DE-600</subfield>
    <subfield code="8">22409593820006446</subfield>
  </datafield>
  <datafield tag="H35" ind1=" " ind2=" ">
    <subfield code="a">(DE-600)006180140</subfield>
    <subfield code="8">22409593820006446</subfield>
  </datafield>
  <datafield tag="H92" ind1=" " ind2=" ">
    <subfield code="a">411000-6</subfield>
    <subfield code="k">NRW</subfield>
    <subfield code="l">a</subfield>
    <subfield code="o">b</subfield>
    <subfield code="p">x</subfield>
    <subfield code="8">22409593820006446</subfield>
  </datafield>
  <datafield tag="H52" ind1="8" ind2="1">
    <subfield code="a">DE-464</subfield>
    <subfield code="b">D0001</subfield>
    <subfield code="c">D30</subfield>
    <subfield code="h">67 P 23</subfield>
    <subfield code="8">1</subfield>
    <subfield code="8">22409593820006446</subfield>
  </datafield>
  <datafield tag="H59" ind1="0" ind2="0">
    <subfield code="8">1.1\x</subfield>
    <subfield code="a">2</subfield>
    <subfield code="i">1964</subfield>
    <subfield code="8">22409593820006446</subfield>
  </datafield>
  <datafield tag="H59" ind1="1" ind2="0">
    <subfield code="8">1.2\x</subfield>
    <subfield code="a">38</subfield>
    <subfield code="i">2000</subfield>
    <subfield code="8">22409593820006446</subfield>
  </datafield>
  <datafield tag="H66" ind1="3" ind2="0">
    <subfield code="a">2.1964,7 - 38.2000</subfield>
    <subfield code="8">22409593820006446</subfield>
  </datafield>
  <datafield tag="HOL" ind1=" " ind2=" ">
    <subfield code="d">2021-04-20 18:04:11</subfield>
    <subfield code="8">22409593820006446</subfield>
    <subfield code="b">2021-04-15 18:02:26</subfield>
    <subfield code="M">49HBZ_UDE</subfield>
    <subfield code="g">false</subfield>
    <subfield code="a">import</subfield>
    <subfield code="c">exl_api</subfield>
  </datafield>
  <datafield tag="ITM" ind1=" " ind2=" ">
    <subfield code="H">22409593820006446</subfield>
    <subfield code="x">D30</subfield>
    <subfield code="f">BOOK</subfield>
    <subfield code="v">D30</subfield>
    <subfield code="p">38</subfield>
    <subfield code="X">System</subfield>
    <subfield code="U">1996-03-05 10:59:00</subfield>
    <subfield code="Y">2021-04-15 18:03:24</subfield>
    <subfield code="h">false</subfield>
    <subfield code="n">67P23_d</subfield>
    <subfield code="M">49HBZ_UDE</subfield>
    <subfield code="s">1</subfield>
    <subfield code="d">8</subfield>
    <subfield code="V">import</subfield>
    <subfield code="b">1148014-10</subfield>
    <subfield code="a">23409593810006446</subfield>
    <subfield code="t">8</subfield>
    <subfield code="c">67 P 23</subfield>
    <subfield code="W">2021-04-15 18:02:26</subfield>
    <subfield code="u">D0001</subfield>
    <subfield code="w">D0001</subfield>
  </datafield>
  <datafield tag="H16" ind1="7" ind2=" ">
    <subfield code="a">123550-3</subfield>
    <subfield code="2">DE-600</subfield>
    <subfield code="8">22142187260006447</subfield>
  </datafield>
  <datafield tag="H35" ind1=" " ind2=" ">
    <subfield code="a">(DE-600)006180183</subfield>
    <subfield code="8">22142187260006447</subfield>
  </datafield>
  <datafield tag="H92" ind1=" " ind2=" ">
    <subfield code="a">561000-X</subfield>
    <subfield code="k">NRW</subfield>
    <subfield code="l">a</subfield>
    <subfield code="o">c</subfield>
    <subfield code="p">x</subfield>
    <subfield code="8">22142187260006447</subfield>
  </datafield>
  <datafield tag="H52" ind1="8" ind2="1">
    <subfield code="a">DE-468</subfield>
    <subfield code="b">W0001</subfield>
    <subfield code="c">04</subfield>
    <subfield code="h">67P9</subfield>
    <subfield code="8">1</subfield>
    <subfield code="8">22142187260006447</subfield>
  </datafield>
  <datafield tag="H59" ind1="0" ind2="0">
    <subfield code="8">1.1\x</subfield>
    <subfield code="a">8</subfield>
    <subfield code="i">1970</subfield>
    <subfield code="8">22142187260006447</subfield>
  </datafield>
  <datafield tag="H59" ind1="1" ind2="0">
    <subfield code="8">1.2\x</subfield>
    <subfield code="a">38</subfield>
    <subfield code="i">2000</subfield>
    <subfield code="8">22142187260006447</subfield>
  </datafield>
  <datafield tag="H66" ind1="3" ind2="0">
    <subfield code="a">8.1970 - 38.2000</subfield>
    <subfield code="8">22142187260006447</subfield>
  </datafield>
  <datafield tag="HOL" ind1=" " ind2=" ">
    <subfield code="b">2021-04-06 08:44:24</subfield>
    <subfield code="8">22142187260006447</subfield>
    <subfield code="M">49HBZ_WUP</subfield>
    <subfield code="g">false</subfield>
    <subfield code="a">import</subfield>
  </datafield>
  <datafield tag="H16" ind1="7" ind2=" ">
    <subfield code="a">123550-3</subfield>
    <subfield code="2">DE-600</subfield>
    <subfield code="8">22302058760006443</subfield>
  </datafield>
  <datafield tag="H35" ind1=" " ind2=" ">
    <subfield code="a">(DE-600)006179924</subfield>
    <subfield code="8">22302058760006443</subfield>
  </datafield>
  <datafield tag="H92" ind1=" " ind2=" ">
    <subfield code="a">401000-0</subfield>
    <subfield code="d">61</subfield>
    <subfield code="k">NRW</subfield>
    <subfield code="l">a</subfield>
    <subfield code="o">c</subfield>
    <subfield code="8">22302058760006443</subfield>
  </datafield>
  <datafield tag="H52" ind1="8" ind2="1">
    <subfield code="a">DE-61</subfield>
    <subfield code="b">X0001</subfield>
    <subfield code="c">03P</subfield>
    <subfield code="h">phy z p 455</subfield>
    <subfield code="8">1</subfield>
    <subfield code="8">22302058760006443</subfield>
  </datafield>
  <datafield tag="H59" ind1="0" ind2="0">
    <subfield code="8">1.1\x</subfield>
    <subfield code="a">2</subfield>
    <subfield code="i">1964</subfield>
    <subfield code="8">22302058760006443</subfield>
  </datafield>
  <datafield tag="H59" ind1="1" ind2="0">
    <subfield code="8">1.2\x</subfield>
    <subfield code="a">38</subfield>
    <subfield code="i">2000</subfield>
    <subfield code="8">22302058760006443</subfield>
  </datafield>
  <datafield tag="H66" ind1="3" ind2="0">
    <subfield code="a">2.1964,7 - 38.2000</subfield>
    <subfield code="8">22302058760006443</subfield>
  </datafield>
  <datafield tag="HOL" ind1=" " ind2=" ">
    <subfield code="b">2021-04-01 12:19:22</subfield>
    <subfield code="8">22302058760006443</subfield>
    <subfield code="M">49HBZ_DUE</subfield>
    <subfield code="g">false</subfield>
    <subfield code="a">import</subfield>
  </datafield>
  <datafield tag="GST" ind1=" " ind2=" ">
    <subfield code="a">Physik</subfield>
    <subfield code="x">Didaktik</subfield>
    <subfield code="A">GND</subfield>
    <subfield code="B">GND-040459772</subfield>
    <subfield code="C">450</subfield>
  </datafield>
  <datafield tag="GST" ind1=" " ind2=" ">
    <subfield code="a">Physik</subfield>
    <subfield code="x">Unterricht</subfield>
    <subfield code="A">GND</subfield>
    <subfield code="B">GND-040459772</subfield>
    <subfield code="C">450</subfield>
  </datafield>
  <datafield tag="GST" ind1=" " ind2=" ">
    <subfield code="a">Physikdidaktik</subfield>
    <subfield code="A">GND</subfield>
    <subfield code="B">GND-040459772</subfield>
    <subfield code="C">450</subfield>
  </datafield>
  <datafield tag="GSI" ind1="7" ind2=" ">
    <subfield code="a">4045977-9</subfield>
    <subfield code="0">http://d-nb.info/gnd/4045977-9</subfield>
    <subfield code="2">gnd</subfield>
    <subfield code="A">GND</subfield>
    <subfield code="B">GND-040459772</subfield>
    <subfield code="C">024</subfield>
  </datafield>
  <datafield tag="GST" ind1=" " ind2=" ">
    <subfield code="a">Periodikum</subfield>
    <subfield code="A">GND</subfield>
    <subfield code="B">GND-040674886</subfield>
    <subfield code="C">450</subfield>
  </datafield>
  <datafield tag="GST" ind1=" " ind2=" ">
    <subfield code="a">Zeitschriften</subfield>
    <subfield code="A">GND</subfield>
    <subfield code="B">GND-040674886</subfield>
    <subfield code="C">450</subfield>
  </datafield>
  <datafield tag="GSI" ind1="7" ind2=" ">
    <subfield code="a">http://d-nb.info/gnd/4067488-5</subfield>
    <subfield code="2">uri</subfield>
    <subfield code="A">GND</subfield>
    <subfield code="B">GND-040674886</subfield>
    <subfield code="C">024</subfield>
  </datafield>
  <datafield tag="GST" ind1=" " ind2=" ">
    <subfield code="a">Physik</subfield>
    <subfield code="x">Didaktik</subfield>
    <subfield code="A">GND</subfield>
    <subfield code="B">GND-040459772</subfield>
    <subfield code="C">450</subfield>
  </datafield>
  <datafield tag="GST" ind1=" " ind2=" ">
    <subfield code="a">Physik</subfield>
    <subfield code="x">Unterricht</subfield>
    <subfield code="A">GND</subfield>
    <subfield code="B">GND-040459772</subfield>
    <subfield code="C">450</subfield>
  </datafield>
  <datafield tag="GST" ind1=" " ind2=" ">
    <subfield code="a">Physikdidaktik</subfield>
    <subfield code="A">GND</subfield>
    <subfield code="B">GND-040459772</subfield>
    <subfield code="C">450</subfield>
  </datafield>
  <datafield tag="GSI" ind1="7" ind2=" ">
    <subfield code="a">4045977-9</subfield>
    <subfield code="0">http://d-nb.info/gnd/4045977-9</subfield>
    <subfield code="2">gnd</subfield>
    <subfield code="A">GND</subfield>
    <subfield code="B">GND-040459772</subfield>
    <subfield code="C">024</subfield>
  </datafield>
  <datafield tag="GST" ind1=" " ind2=" ">
    <subfield code="a">Physik</subfield>
    <subfield code="x">Didaktik</subfield>
    <subfield code="A">GND</subfield>
    <subfield code="B">GND-040459772</subfield>
    <subfield code="C">450</subfield>
  </datafield>
  <datafield tag="GST" ind1=" " ind2=" ">
    <subfield code="a">Physik</subfield>
    <subfield code="x">Unterricht</subfield>
    <subfield code="A">GND</subfield>
    <subfield code="B">GND-040459772</subfield>
    <subfield code="C">450</subfield>
  </datafield>
  <datafield tag="GST" ind1=" " ind2=" ">
    <subfield code="a">Physikdidaktik</subfield>
    <subfield code="A">GND</subfield>
    <subfield code="B">GND-040459772</subfield>
    <subfield code="C">450</subfield>
  </datafield>
  <datafield tag="GSI" ind1="7" ind2=" ">
    <subfield code="a">4045977-9</subfield>
    <subfield code="0">http://d-nb.info/gnd/4045977-9</subfield>
    <subfield code="2">gnd</subfield>
    <subfield code="A">GND</subfield>
    <subfield code="B">GND-040459772</subfield>
    <subfield code="C">024</subfield>
  </datafield>
</record>